@article{CMS_Higgs_Discovery,
    author = "{CMS Collaboration}",
    title = "{Observation of a New Boson at a Mass of 125 GeV with the CMS Experiment at the LHC}",
    eprint = "1207.7235",
    archivePrefix = "arXiv",
    primaryClass = "hep-ex",
    reportNumber = "CMS-HIG-12-028, CERN-PH-EP-2012-220",
    doi = "10.1016/j.physletb.2012.08.021",
    journal = "Phys. Lett. B",
    volume = "716",
    pages = "30--61",
    year = "2012"
}
@article{ATLAS_Higgs_Discovery,
    author = "{ATLAS Collaboration}",
    title = "{Observation of a new particle in the search for the Standard Model Higgs boson with the ATLAS detector at the LHC}",
    eprint = "1207.7214",
    archivePrefix = "arXiv",
    primaryClass = "hep-ex",
    reportNumber = "CERN-PH-EP-2012-218",
    doi = "10.1016/j.physletb.2012.08.020",
    journal = "Phys. Lett. B",
    volume = "716",
    pages = "1--29",
    year = "2012"
}

@article{CMS_MSSM_Tau_2018,
    author = "{CMS Collaboration}",
    title = "{Search for additional neutral MSSM Higgs bosons in the $\tau\tau$ final state in proton-proton collisions at $\sqrt{s}=$ 13 TeV}",
    eprint = "1803.06553",
    archivePrefix = "arXiv",
    primaryClass = "hep-ex",
    reportNumber = "CMS-HIG-17-020, CERN-EP-2018-026",
    doi = "10.1007/JHEP09(2018)007",
    journal = "JHEP",
    volume = "09",
    pages = "007",
    year = "2018"
}

@article{MSSM_at_LHC,
   title={{MSSM Higgs boson searches at the LHC: benchmark scenarios after the discovery of a Higgs-like particle}},
   volume={73},
   ISSN={1434-6052},
   url={http://dx.doi.org/10.1140/epjc/s10052-013-2552-1},
   DOI={10.1140/epjc/s10052-013-2552-1},
   number={9},
   journal={The European Physical Journal C},
   publisher={Springer Science and Business Media LLC},
   author={Carena, M. and Heinemeyer, S. and Stål, O. and Wagner, C. E. M. and Weiglein, G.},
   year={2013},
   month={Sep}
}

@article{CMS_Tracker,
    author = "{CMS Collaboration}",
    title = "{Description and performance of track and primary-vertex reconstruction with the CMS tracker}",
    eprint = "1405.6569",
    archivePrefix = "arXiv",
    primaryClass = "physics.ins-det",
    reportNumber = "CMS-TRK-11-001, CERN-PH-EP-2014-070",
    doi = "10.1088/1748-0221/9/10/P10009",
    journal = "JINST",
    volume = "9",
    number = "10",
    pages = "P10009",
    year = "2014"
}

@article{CMS_Setup,
    author = "{CMS Collaboration}",
    title = "{The CMS Experiment at the CERN LHC}",
    doi = "10.1088/1748-0221/3/08/S08004",
    journal = "JINST",
    volume = "3",
    pages = "S08004",
    year = "2008"
}

@article{PF_CMS,
    author = "{CMS Collaboration}",
    title = "{Particle-flow reconstruction and global event description with the CMS detector}",
    eprint = "1706.04965",
    archivePrefix = "arXiv",
    primaryClass = "physics.ins-det",
    reportNumber = "CMS-PRF-14-001, CERN-EP-2017-110",
    doi = "10.1088/1748-0221/12/10/P10003",
    journal = "JINST",
    volume = "12",
    number = "10",
    pages = "P10003",
    year = "2017"
}

@article{SUSY_Primer,
   title={{A Supersymmetry Primer}},
   ISBN={9789812839657},
   ISSN={1793-1339},
   url={http://dx.doi.org/10.1142/9789812839657_0001},
   DOI={10.1142/9789812839657_0001},
   journal={Advanced Series on Directions in High Energy Physics},
   publisher={WORLD SCIENTIFIC},
   author={Stephen P Martin},
   year={1998},
   month={Jul},
   pages={1–98}
}

@article{Higgs_diphoton,
    author = "{CMS Collaboration}",
    title = "{A measurement of the Higgs boson mass in the diphoton decay channel}",
    eprint = "2002.06398",
    archivePrefix = "arXiv",
    primaryClass = "hep-ex",
    reportNumber = "CMS-HIG-19-004, CERN-EP-2020-004",
    doi = "10.1016/j.physletb.2020.135425",
    journal = "Phys. Lett. B",
    volume = "805",
    pages = "135425",
    year = "2020"
}

@article{CMS_ECAL,
    author = "{CMS Collaboration}",
    title = "{The CMS Electromagnetic Calorimeter: lessons learned during LHC run 1, overview and future projections}",
    doi = "10.22323/1.213.0029",
    journal = "PoS",
    volume = "TIPP2014",
    pages = "029",
    year = "2014"
}

@article{electron_performance, 
    author = "{CMS Collaboration}",
    title = "{Performance of Electron Reconstruction and Selection with the CMS Detector in Proton-Proton Collisions at $\sqrt{s}$ = 8  TeV}",
    eprint = "1502.02701",
    archivePrefix = "arXiv",
    primaryClass = "physics.ins-det",
    reportNumber = "CMS-EGM-13-001, CERN-PH-EP-2015-004",
    doi = "10.1088/1748-0221/10/06/P06005",
    journal = "JINST",
    volume = "10",
    number = "06",
    pages = "P06005",
    year = "2015"
}

@article{CMS_trigger,
    author = "{CMS Collaboration}",
    title = "{The CMS trigger system}",
    eprint = "1609.02366",
    archivePrefix = "arXiv",
    primaryClass = "physics.ins-det",
    reportNumber = "CMS-TRG-12-001, CERN-EP-2016-160",
    doi = "10.1088/1748-0221/12/01/P01020",
    journal = "JINST",
    volume = "12",
    number = "01",
    pages = "P01020",
    year = "2017"
}

@article{CMS_muon,
    author = "{CMS Collaboration}",
    title = "{Performance of CMS Muon Reconstruction in $pp$ Collision Events at $\sqrt{s}=7$ TeV}",
    eprint = "1206.4071",
    archivePrefix = "arXiv",
    primaryClass = "physics.ins-det",
    reportNumber = "CMS-MUO-10-004, CERN-PH-EP-2012-173",
    doi = "10.1088/1748-0221/7/10/P10002",
    journal = "JINST",
    volume = "7",
    pages = "P10002",
    year = "2012"
}

@article{CMS_btag,
    author = "{CMS Collaboration}",
    title = "{Identification of heavy-flavour jets with the CMS detector in pp collisions at 13 TeV}",
    eprint = "1712.07158",
    archivePrefix = "arXiv",
    primaryClass = "physics.ins-det",
    reportNumber = "CMS-BTV-16-002, CERN-EP-2017-326",
    doi = "10.1088/1748-0221/13/05/P05011",
    journal = "JINST",
    volume = "13",
    number = "05",
    pages = "P05011",
    year = "2018"
}
@article{CMS_hps1,
    author = "{CMS Collaboration}",
    title = "{Reconstruction and identification of $\tau$ lepton decays to hadrons and $\nu_\tau$ at CMS}",
    eprint = "1510.07488",
    archivePrefix = "arXiv",
    primaryClass = "physics.ins-det",
    reportNumber = "CMS-TAU-14-001, CERN-PH-EP-2015-261",
    doi = "10.1088/1748-0221/11/01/P01019",
    journal = "JINST",
    volume = "11",
    number = "01",
    pages = "P01019",
    year = "2016"
}
@techreport{CMS_hps2,
      title= {{Performance of reconstruction and identification of tau leptons in their decays to hadrons and tau neutrino in LHC Run-2}},
      institution   = {CERN},
      author = {{CMS Collaboration}},
      address       = {Geneva},
      number        = {CMS-PAS-TAU-16-002},
      year          = {2016},
      reportNumber  = {CMS-PAS-TAU-16-002},
      url           = {http://cds.cern.ch/record/2196972},
}
@article{CMS_ff,
    author = "{CMS Collaboration}",
    title = "{Measurement of the $\mathrm{Z}\gamma^{*} \to \tau\tau$ cross section in pp collisions at $\sqrt{s} = $ 13 TeV and validation of $\tau$ lepton analysis techniques}",
    eprint = "1801.03535",
    archivePrefix = "arXiv",
    primaryClass = "hep-ex",
    reportNumber = "CMS-HIG-15-007, CERN-EP-2017-307",
    doi = "10.1140/epjc/s10052-018-6146-9",
    journal = "Eur. Phys. J. C",
    volume = "78",
    number = "9",
    pages = "708",
    year = "2018"
}

@article{CMS_embedding,
    author = "{CMS Collaboration}",
    title = "{An embedding technique to determine $\tau\tau$ backgrounds in proton-proton collision data}",
    eprint = "1903.01216",
    archivePrefix = "arXiv",
    primaryClass = "hep-ex",
    reportNumber = "CMS-TAU-18-001, CERN-EP-2019-012",
    doi = "10.1088/1748-0221/14/06/P06032",
    journal = "JINST",
    volume = "14",
    number = "06",
    pages = "P06032",
    year = "2019"
}

@article{Higgs_Theory_1,
  title = {{Broken Symmetry and the Mass of Gauge Vector Mesons}},
  author = {Englert, F. and Brout, R.},
  journal = {Phys. Rev. Lett.},
  volume = {13},
  issue = {9},
  pages = {321--323},
  numpages = {0},
  year = {1964},
  month = {Aug},
  publisher = {American Physical Society},
  doi = {10.1103/PhysRevLett.13.321},
  url = {https://link.aps.org/doi/10.1103/PhysRevLett.13.321}
}

@article{Higgs_Theory_2,
    author = "Higgs, Peter W.",
    title = "{Broken symmetries, massless particles and gauge fields}",
    doi = "10.1016/0031-9163(64)91136-9",
    journal = "Phys. Lett.",
    volume = "12",
    pages = "132--133",
    year = "1964"
}

@article{Higgs_Theory_3,
  title = {{Broken Symmetries and the Masses of Gauge Bosons}},
  author = {Higgs, Peter W.},
  journal = {Phys. Rev. Lett.},
  volume = {13},
  issue = {16},
  pages = {508--509},
  numpages = {0},
  year = {1964},
  month = {Oct},
  publisher = {American Physical Society},
  doi = {10.1103/PhysRevLett.13.508},
  url = {https://link.aps.org/doi/10.1103/PhysRevLett.13.508}
}

@article{Higgs_Theory_4,
  title = {{Global Conservation Laws and Massless Particles}},
  author = {Guralnik, G. S. and Hagen, C. R. and Kibble, T. W. B.},
  journal = {Phys. Rev. Lett.},
  volume = {13},
  issue = {20},
  pages = {585--587},
  numpages = {0},
  year = {1964},
  month = {Nov},
  publisher = {American Physical Society},
  doi = {10.1103/PhysRevLett.13.585},
  url = {https://link.aps.org/doi/10.1103/PhysRevLett.13.585}
}

@article{Higgs_Theory_5,
  title = {{Spontaneous Symmetry Breakdown without Massless Bosons}},
  author = {Higgs, Peter W.},
  journal = {Phys. Rev.},
  volume = {145},
  issue = {4},
  pages = {1156--1163},
  numpages = {0},
  year = {1966},
  month = {May},
  publisher = {American Physical Society},
  doi = {10.1103/PhysRev.145.1156},
  url = {https://link.aps.org/doi/10.1103/PhysRev.145.1156}
}

@article{Higgs_Theory_6,
  title = {{Symmetry Breaking in Non-Abelian Gauge Theories}},
  author = {Kibble, T. W. B.},
  journal = {Phys. Rev.},
  volume = {155},
  issue = {5},
  pages = {1554--1561},
  numpages = {0},
  year = {1967},
  month = {Mar},
  publisher = {American Physical Society},
  doi = {10.1103/PhysRev.155.1554},
  url = {https://link.aps.org/doi/10.1103/PhysRev.155.1554}
}

@article{CMS_SMHiggsTauTau,
    author = "{CMS Collaboration}",
    title = "{Observation of the Higgs boson decay to a pair of $\tau$ leptons with the CMS detector}",
    eprint = "1708.00373",
    archivePrefix = "arXiv",
    primaryClass = "hep-ex",
    reportNumber = "CMS-HIG-16-043, CERN-EP-2017-181",
    doi = "10.1016/j.physletb.2018.02.004",
    journal = "Phys. Lett. B",
    volume = "779",
    pages = "283--316",
    year = "2018"
}

@article{mh_mod_plus,
    author = "Carena, M. and Heinemeyer, S. and Stål, O. and Wagner, C.E.M. and Weiglein, G.",
    title = "{MSSM Higgs Boson Searches at the LHC: Benchmark Scenarios after the Discovery of a Higgs-like Particle}",
    eprint = "1302.7033",
    archivePrefix = "arXiv",
    primaryClass = "hep-ph",
    reportNumber = "ANL-HEP-PR-13-12, EFI-13-2, DESY-13-024, FERMILAB-PUB-13-041-T",
    doi = "10.1140/epjc/s10052-013-2552-1",
    journal = "Eur. Phys. J. C",
    volume = "73",
    number = "9",
    pages = "2552",
    year = "2013"
}

@article{hmssm,
    author = "Djouadi, A. and Maiani, L. and Moreau, G. and Polosa, A. and Quevillon, J. and Riquer, V.",
    title = "{The post-Higgs MSSM scenario: Habemus MSSM?}",
    eprint = "1307.5205",
    archivePrefix = "arXiv",
    primaryClass = "hep-ph",
    reportNumber = "LPT-ORSAY-13-56",
    doi = "10.1140/epjc/s10052-013-2650-0",
    journal = "Eur. Phys. J. C",
    volume = "73",
    pages = "2650",
    year = "2013"
}

@article{mssm_theory,
    author = "Djouadi, A. and Maiani, L. and Polosa, A. and Quevillon, J. and Riquer, V.",
    title = "{Fully covering the MSSM Higgs sector at the LHC}",
    eprint = "1502.05653",
    archivePrefix = "arXiv",
    primaryClass = "hep-ph",
    reportNumber = "KCL-PH-TH-15-08, LPT-ORSAY-15-15",
    doi = "10.1007/JHEP06(2015)168",
    journal = "JHEP",
    volume = "06",
    pages = "168",
    year = "2015"
}